1948 3213
268 156 346 195 214
696 166 835 195 ARKiv
865 159 945 196 Fon
975 166 1178 196 BOTAXIK.
1238 168 1355 196 ΒΑΜ)
1386 162 1421 196 1.

268 270 443 316 cuatus3
475 278 641 305 nervus
672 263 917 319 primarius
948 264 995 306 in
1025 264 1171 306 media
1202 264 1339 320 pinna
1366 266 1484 307 inter
1506 266 1615 308 duos
1637 267 1866 322 margines

267 330 569 371 intermedius.

377 396 518 438 Nicht
560 396 704 438 selten
745 395 906 438 nahert
951 396 1044 438 sich
1083 397 1200 439 diese
1231 398 1321 439 Art
1354 397 1492 440 durch
1524 399 1592 441 die
1623 398 1756 440 Form
1787 399 1869 441 der

267 462 571 504 Blattfiedern
622 463 843 517 gewissen
893 462 1081 504 Formen
1135 463 1209 504 des
1254 464 1381 515 Aspl.
1428 465 1719 506 auriculatum
1765 465 1865 516 Sw.,

267 529 329 569 ist
371 529 475 570 aber
513 528 653 570 durch
683 528 893 583 folgende
924 529 1171 571 Merkmale
1201 530 1509 572 verschieden:
1540 531 1692 587 pinnis
1722 531 1868 586 magis

268 595 588 650 approximatis
638 594 711 636 vel
756 595 1079 650 subcontiguis,
1126 595 1267 637 11111110
1311 598 1703 648 numerosioribus,
1754 599 1868 640 soris

268 660 561 711 brevioribus,
593 676 678 703 non
711 660 836 702 ultra
866 660 1099 702 dimidium
1130 663 1327 718 spatium
1358 664 1476 704 inter
1497 666 1663 705 costam
1685 667 1730 706 et
1752 679 1868 706 mar-

270 727 418 782 ginem
451 727 684 782 elongatis.

379 792 578 835 Gewisse
622 794 812 835 Formen
848 808 935 835 von
968 798 1148 836 erectum
1180 795 1300 836 kann
1333 811 1434 837 man
1465 810 1596 851 sogar
1626 796 1710 838 mit
1740 797 1865 849 Aspl.

269 859 412 900 Zoetum
442 860 487 900 in
515 859 853 914 jugendlichem
883 859 1109 902 Zustande
1140 861 1458 913 verwechseln3
1482 862 1592 904 auch
1614 878 1699 904 von
1722 863 1866 904 lcetzmc

266 927 328 967 ist
368 925 526 981 jedoch
572 926 640 968 die
672 925 959 981 vorliegende
990 927 1081 968 Art
1111 927 1251 969 durch
1284 927 1353 970 die
1385 927 1616 984 Segmente
1647 928 1867 971 verschie-

267 993 367 1033 den:
414 992 564 1048 pinnis
610 993 921 1043 crebrioribus,
968 993 1356 1044 numerosioribus,
1410 994 1574 1036 infimis
1618 995 1867 1038 decrescen-

267 1058 403 1100 tibus.

377 1125 462 1166 Die
494 1125 830 1167 afrikanischen
861 1126 952 1167 und
984 1126 1458 1169 sudamerikanischen
1489 1128 1680 1170 Formen
1711 1128 1865 1183 zeigen

267 1191 428 1233 keinen
483 1192 799 1234 wesentlichen
848 1192 1157 1243 Unterschied,
1215 1193 1305 1233 und
1356 1193 1482 1235 beide
1538 1194 1762 1236 variieren
1818 1195 1865 1236 in

269 1258 468 1313 gleicher
500 1257 668 1300 Weise.

379 1369 408 1410 f.
441 1376 642 1410 serratum
672 1369 770 1410 nob.
804 1395 856 1399 —
888 1369 987 1411 Taf.
1022 1372 1084 1412 10.
1116 1370 1465 1424 Figff3F10ra
1495 1371 1637 1421 Bimas
1669 1372 1776 1414 fasc.
1799 1374 1868 1421 49,

267 1440 299 1476 t.
334 1438 397 1483 27,
430 1436 459 1476 f.
493 1438 558 1476 22.

378 1523 533 1564 Pinnae
566 1523 726 1579 saepius
759 1525 916 1573 acutae,
949 1524 1099 1565 lobulo
1130 1524 1292 1580 apicali
1323 1524 1546 1567 interdum
1568 1525 1748 1581 longius
1769 1541 1867 1582 pro—

269 1590 398 1632 ducto
431 1590 882 1641 lanceolato-lineari3
914 1605 1068 1645 margo
1105 1594 1517 1641 crenato-serratus,
1550 1592 1760 1634 lacinulis
1791 1593 1866 1634 vel

268 1655 508 1698 denticulis
539 1656 802 1698 lanceolatis
835 1658 1050 1712 porrectis
1081 1656 1200 1711 (hinc
1232 1657 1334 1699 inde
1362 1658 1480 1699 binis
1502 1657 1574 1700 vel
1597 1658 1864 1714 conjugatis,

268 1737 352 1779 quo
397 1736 551 1777 margo
596 1722 762 1764 iterum
805 1728 1007 1764 serratus
1051 1723 1243 1777 evadit)3
1286 1738 1438 1779 margo
1475 1724 1695 1780 posterior
1726 1724 1782 1766 ad
1814 1726 1869 1765 1''3

267 1789 339 1831 vel
372 1791 385 1814 1
408 1805 423 1828 2
455 1789 691 1830 abscissus.

379 1855 559 1903 BrasiL,
605 1855 691 1897 Rio
738 1854 920 1897 Grande
967 1855 1020 1897 do
1067 1855 1160 1905 Sul,
1209 1855 1381 1907 Quinta
1411 1871 1546 1912 prope
1578 1856 1791 1912 oppidum
1822 1857 1868 1899 S.

267 1921 407 1963 Pedro
439 1922 492 1963 do
523 1921 609 1963 Rio
641 1920 836 1970 Grande,
868 1922 914 1963 in
946 1921 1037 1963 solo
1068 1922 1291 1977 uliginoso
1313 1922 1504 1971 silvulae,
1527 1923 1640 1978 Exp.
1664 1925 1700 1964 1.
1722 1923 1867 1978 Regn.

268 1989 303 2028 A
349 1989 447 2039 8413
493 1988 640 2029 Minas
687 1987 864 2038 Gemes,
912 1988 1086 2038 Caldas,
1119 1988 1309 2043 Regnell
1340 1988 1426 2030 HI.
1461 1991 1592 2031 1467*
1625 2003 1668 2041 a3
1699 1989 1866 2031 ibidem

269 2054 324 2096 ad
355 2054 499 2096 latera
531 2054 724 2109 abrupta
754 2053 909 2103 rivuli,
941 2059 983 2097 et
1015 2054 1070 2096 ad
1102 2059 1280 2097 truncos
1312 2055 1532 2105 arborum,
1565 2055 1717 2097 Mosen
1739 2057 1867 2108 21083

268 2120 354 2163 Rio
387 2120 438 2162 de
469 2120 668 2169 Janeiro,
701 2119 890 2162 Glaziou
922 2122 1041 2162 5311.
1102 2120 1232 2162 Auel]
1265 2120 1640 2163 sudafrikaniseh.

380 2242 409 2282 f.
455 2247 682 2291 mitigatum
726 2242 823 2283 nob.
870 2268 922 2272 —
959 2241 1056 2283 Taf.
1091 2243 1153 2291 10,
1191 2241 1290 2297 Fig.
1325 2244 1368 2294 63
1414 2242 1551 2285 Flora
1581 2243 1723 2294 Bras.‚
1755 2243 1865 2285 fasc.

269 2310 334 2355 49,
366 2313 398 2348 t.
431 2311 495 2357 27,
527 2309 556 2349 f.
590 2311 626 2350 9.

379 2386 453 2426 An
502 2385 619 2427 idem
668 2389 802 2441 atque
857 2385 981 2437 Aspl.
1035 2385 1279 2426 mutilatam
1332 2385 1489 2428 Kaulf.
1546 2385 1708 2428 Enum.
1760 2386 1866 2435 Fil„

270 2467 309 2506 p.
344 2452 448 2493 1711>

380 2517 536 2559 Pinnae
581 2517 705 2573 apice
750 2518 1082 2568 obtusiusculae,
1129 2519 1492 2568 crenato-incisae,
1538 2517 1748 2560 lacinulis
1792 2518 1866 2560 vel

271 2582 508 2625 denticulis
553 2585 712 2633 ovatis,
758 2583 1056 2639 paucioribus,
1089 2584 1434 2640 subpatentibus
1464 2583 1585 2633 (hinc
1615 2584 1717 2626 inde
1748 2583 1867 2626 binis

270 2649 341 2690 vel
372 2650 550 2703 ternis)3
581 2664 735 2705 margo
765 2649 986 2705 posterior
1016 2650 1072 2691 ad
1105 2653 1116 2675 ¹
1141 2666 1156 2689 3
1187 2650 1260 2692 vel
1292 2653 1304 2675 1
1312 2667 1343 2690 2
1375 2651 1610 2692 abscissus.

380 2715 558 2765 Brasil„
590 2716 675 2758 Rio
680 2684 889 2757 ζ,6111111ᾶο
921 2716 974 2757 (10
1006 2715 1098 2766 Sul,
1130 2716 1378 2758 Excolonia
1415 2716 1457 2758 S.
1490 2716 1677 2770 Angelo,
1709 2715 1765 2757 ad
1796 2730 1863 2757 ar-

271 2781 395 2822 bores
440 2750 716 2836 epipiiytum,
763 2781 876 2837 Exp
910 2784 946 2823 1.
978 2781 1118 2836 Regu.
1157 2782 1200 2823 A
1233 2784 1357 2833 11433
1404 2783 1551 2824 Minas
1597 2781 1775 2830 Geraes,
1808 2781 1865 2822 ad

270 2846 479 2902 oppidum
523 2846 674 2901 Augu,
720 2847 767 2889 in
814 2848 930 2889 silva
973 2849 1189 2902 primaeva
1233 2850 1459 2897 terrestre,
1492 2848 1643 2890 Mosen
1676 2849 1782 2889 3062
1814 2847 1865 2900 (f.

271 2913 412 2968 major
441 2913 686 2968 prolifera).
745 2913 876 2956 Auch
908 2913 1284 2955 sudafrikanisch.
