1948 3213
70 133 288 172 LINDMAN,
322 133 465 163 BEITR.
498 134 531 163 Z.
564 132 788 163 KENNTMS
820 133 860 162 D.
892 132 1222 162 TROR-AMERIK.
1254 132 1523 165 FARNFLORA.
1610 122 1688 161 '2651

183 239 363 274 Aneimia
395 238 549 283 pallida
580 231 724 275 Field.
758 234 803 273 et
833 231 1002 274 Gardn.

182 320 362 371 Brasil.,
394 321 543 363 Minas
574 320 756 371 Geraes,
789 319 967 371 Caldas,
1002 320 1049 362 in
1080 335 1234 378 eampo
1266 321 1381 364 sicco
1412 321 1576 378 aprico.
1601 321 1691 363 Mo-

71 391 149 431 sen
179 390 308 440 46493
341 388 476 431 Serra
508 387 561 430 de
593 387 772 437 Caldas,
804 387 852 429 in
884 387 1100 430 adscensu
1131 388 1259 430 arido
1292 388 1471 438 montis,
1495 387 1690 443 Regnell

70 454 158 498 III.
193 457 313 506 1481,
346 455 498 498 Mosen
530 456 651 497 4643.

182 522 350 578 Einige
381 537 468 565 von
500 522 655 564 diesen
686 520 994 577 Exemplaren
1026 521 1185 577 zeigen
1218 522 1310 563 viel
1333 530 1536 578 grossere
1560 521 1689 564 Blat-

71 592 144 632 ter
187 589 282 631 und
327 589 546 646 langeren
592 587 722 637 Stiel,
769 588 837 630 als
887 588 958 630 die
983 588 1165 641 pallida
1196 589 1311 631 nach
1344 589 1545 632 Prantl's
1577 589 1690 631 Dar-

69 655 285 711 stellung.
347 656 504 713 Sporae
536 656 701 698 leviter
730 655 1034 698 tuberculatae
1066 658 1172 711 (non
1204 655 1507 709 eohinulatae).

182 763 362 799 Aneimia
393 764 485 798 laxa
516 773 558 799 n.
591 771 654 813 sp.
688 783 740 787 —-
771 755 871 798 Taf.
906 759 969 799 13.

182 846 458 890 Euaneimia
487 846 650 889 Prantl
680 861 702 890 e
734 850 838 889 sect.
862 846 1120 897 »En-sutae»,
1143 845 1343 903 proxime
1366 846 1423 889 ad
1445 848 1532 889 An.
1556 847 1688 903 palli-

71 913 173 956 dam
219 914 364 956 Field.
412 918 458 957 et
501 913 669 957 Gardn.
716 913 992 964 collocanda,
1026 913 1104 955 abs
1136 928 1224 970 qua
1256 913 1411 956 differt
1442 915 1689 969 segmentis

69 981 302 1038 primariis
346 981 797 1024 lineari-lanceolatis
842 981 940 1024 basi
971 980 1142 1037 postice
1173 980 1374 1023 abscissa
1404 981 1689 1033 subfalcatis,

69 1048 317 1104 segmentis
363 1049 526 1091 eximie
565 1048 855 1098 distantibus,
894 1063 1021 1091 ramo
1058 1048 1188 1091 nervi
1219 1048 1389 1091 basalis
1421 1050 1582 1104 postici
1614 1063 1688 1091 an—

69 1115 237 1158 teriore
268 1131 356 1158 non
388 1116 444 1159 ad
476 1116 669 1158 medium
701 1116 950 1171 marginem
982 1116 1254 1171 attingente.

181 1182 403 1225 Rhizoma
448 1183 740 1227 horizontale.
817 1182 1023 1225 Petiolus
1069 1183 1172 1226 folii
1217 1182 1390 1225 fertilis
1437 1184 1493 1226 ad
1539 1186 1593 1226 40
1625 1199 1690 1226 0111

69 1249 246 1306 longus.
307 1251 500 1294 Lamina
541 1250 715 1293 sterilis
754 1253 804 1292 15
836 1265 903 1292 0111
936 1250 1081 1306 longa,
1120 1252 1229 1293 5-6
1268 1265 1335 1293 0111
1367 1250 1475 1302 lata,
1509 1251 1688 1307 subgla-

69 1317 151 1359 bra
182 1317 256 1359 vel
287 1318 458 1374 petiolo
489 1319 536 1361 et
567 1318 691 1360 rachi
728 1332 880 1374 sparse
911 1317 1115 1374 pilisera,
1146 1321 1378 1372 segmenta
1411 1318 1595 1375 ll-juga
1625 1322 1689 1361 te-

68 1384 222 1426 nuiter
253 1386 467 1436 coriaeea,
498 1400 635 1441 supra
668 1385 976 1435 nitidiuseula,
1010 1385 1180 1441 pallide
1202 1385 1386 1436 viridia,
1410 1386 1572 1428 subtus
1594 1386 1688 1442 pal-

68 1450 248 1504 lidiora,
279 1453 430 1509 spatio
453 1467 587 1509 quam
609 1452 810 1495 latitudo
832 1453 1032 1508 ipsorum
1055 1452 1221 1510 majore
1242 1453 1365 1495 inter
1387 1468 1432 1496 se
1455 1453 1689 1503 distantia,

67 1518 190 1561 eirea
234 1521 259 1562 3
291 1535 356 1563 om
390 1520 538 1576 longa,
573 1523 681 1562 5-8
714 1535 801 1562 mm
833 1520 944 1571 lata,
976 1520 1198 1563 inferiora
1228 1520 1446 1577 patentia,
1485 1521 1689 1576 margine

68 1587 295 1630 anteriore
342 1602 479 1644 prope
524 1588 653 1630 basin
698 1588 997 1630 Hirsutarum
1028 1576 1157 1630 modo
1188 1586 1356 1630 leviter
1385 1587 1541 1631 inciso.
1603 1588 1689 1631 Ve-

69 1652 190 1695 nulae
222 1655 437 1697 eonfertae
468 1655 635 1702 (minus
667 1656 834 1697 crebrae
866 1669 999 1712 quam
1030 1655 1078 1696 in
1109 1653 1199 1697 An.
1231 1654 1438 1712 pallida).
1485 1655 1690 1699 Petiolus

69 1724 402 1776 segmentorum
450 1721 673 1765 fertilium
721 1725 771 1764 12
809 1737 876 1764 0111
908 1722 1071 1777 longus
1102 1722 1372 1778 (juvenilis).
1433 1721 1688 1779 Sorophora

68 1792 116 1830 et
161 1789 319 1845 petioli
364 1789 545 1832 fertiles
591 1804 744 1846 sparse
785 1789 1225 1846 ferrugineo-pilosa.
1286 1789 1462 1847 (Sporae
1496 1795 1689 1833 matur-ze

68 1869 156 1897 non
186 1859 471 1914 suppetunt.)

180 1924 254 1966 Ab
300 1925 383 1965 An.
418 1924 536 1965 hirta
570 1923 660 1967 Sw.
693 1924 848 1967 differt
880 1924 1127 1981 segmentis
1160 1924 1422 1968 minoribus.
1455 1925 1687 1979 angustio-

69 1989 210 2042 ribus,
241 1991 439 2042 remotis,
472 1992 675 2048 margine
707 1991 935 2035 anteriore
966 2007 1103 2049 prope
1135 1991 1265 2034 basin
1297 1992 1450 2035 inciso.

181 2058 359 2110 Brasil.,
393 2059 743 2110 Matto-Grosso,
777 2059 913 2102 Serra
945 2059 1001 2101 da
1033 2059 1261 2115 Chapada,
1285 2059 1496 2103 Fazenda
1518 2060 1688 2110 Buriti,

68 2125 126 2168 ad
171 2129 341 2168 terram
385 2127 577 2170 nemoris
624 2141 857 2170 arenosam
892 2127 1065 2175 siet-am,
1098 2126 1213 2183 Exp.
1249 2129 1283 2168 1.
1316 2127 1456 2183 Regn.
1491 2128 1533 2169 A
1567 2130 1687 2170 2727.

181 2221 361 2256 Anci-nia
395 2222 580 2257 radimus
611 2216 773 2260 Raddi.

181 2294 269 2337 Rio
315 2294 367 2336 de
412 2294 611 2345 Janeiro,
659 2294 928 2345 Coreovad0‚
968 2295 1078 2338 loeis
1110 2296 1330 2338 umbrosis
1363 2295 1504 2345 siccis,
1537 2296 1689 2338 Mosen

71 2362 164 2411 118,
199 2363 319 2412 1721,
351 2361 547 2417 Regnell
580 2364 673 2405 291.

182 2457 362 2493 Anoimia
394 2458 695 2501 Warmingiana
727 2452 903 2495 Prantl.

182 2530 363 2579 Brasil.,
396 2530 544 2572 Minas
575 2530 758 2582 Geraes,
792 2531 970 2581 Cafflas,
1003 2531 1096 2574 1000
1129 2531 1349 2580 umbroso,
1382 2531 1537 2574 Mosen
1560 2534 1687 2583 22663

70 2594 114 2639 S.
161 2597 317 2647 Paulo,
350 2597 394 2638 in
428 2597 560 2638 silvis
592 2597 758 2641 montis
790 2598 927 2641 Serra
959 2599 1010 2641 de
1042 2598 1232 2642 Caracol
1267 2598 1374 2641 loeis
1405 2599 1508 2656 plus
1540 2599 1688 2641 minus

70 2663 216 2714 siccis,
249 2665 404 2706 Mosen
437 2666 558 2707 2265.

182 2771 361 2807 Aneimia
395 2771 618 2815 palmarum
650 2781 691 2808 n.
725 2781 788 2822 sp.
821 2794 874 2797 —
906 2766 1006 2809 Taf.
1041 2769 1105 2808 14.

182 2854 453 2897 Euaneimia
483 2855 647 2897 Prantl
669 2870 690 2898 e
713 2859 818 2898 seot.
842 2856 1083 2906 »Collin2e:÷‚
1107 2856 1307 2913 proxime
1329 2856 1386 2899 ad
1408 2858 1495 2899 An.
1520 2856 1688 2899 hirtam

72 2921 159 2964 Sw.
193 2921 461 2969 collocanda.
497 2923 808 2977 magnitudine
835 2928 879 2967 et
901 2923 1061 2966 habitu
1085 2924 1171 2966 An.
1196 2923 1460 2980 phyllitidis
1483 2923 1688 2976 similior,
