1948 3213
204 167 285 206 450
637 174 773 203 ARKiv
803 167 881 203 Εὕα
910 174 1114 203 ΒΟΤΑΝΙΚ.
1174 175 1289 203 BAND
1320 169 1354 203 1.

205 278 286 316 ter.
347 275 399 314 A.
448 272 656 322 laxifolz'a
692 271 753 312 ist
789 272 1051 320 monccisch,
1084 273 1137 312 A.
1164 274 1435 324 patccgsonica
1466 272 1670 315 dicciscb.
1731 274 1799 315 Ob

206 340 275 382 die
311 339 557 395 papillcsen
594 338 746 379 Zellen
779 337 856 379 der
887 337 1103 379 letzteren
1136 338 1228 378 Art
1260 338 1516 392 gleichfalls
1549 340 1619 380 ein
1649 340 1796 381 Merk-

204 406 294 448 mal
340 404 452 454 sind,
499 404 577 445 das
623 405 685 445 sie
723 418 810 445 von
842 403 925 445 den
955 409 1211 459 genannten
1242 404 1389 446 Arten
1420 408 1587 456 trennt,
1621 406 1797 461 ergiebt

205 472 297 514 sich
330 471 453 512 nicht
485 484 564 511 aus
595 470 678 511 (len
710 470 980 524 Diagnosen.

314 604 547 644 Azali-eam
581 603 766 643 loricam
797 602 903 644 DUS.
936 618 974 643 n.
1008 618 1070 658 sp.

316 702 519 749 Dioica‚
566 701 790 751 aterrima,
839 702 999 744 nitens.
1047 701 1178 742 dense
1224 702 1482 758 caespitosa,
1529 703 1799 759 caespitibus

203 769 334 810 valde
366 768 592 824 expansis3
625 768 796 809 caulis
828 767 1085 809 decumbens
1117 768 1189 809 vel
1221 769 1488 819 suberectus,
1521 770 1708 810 strictus
1724 770 1797 811 vel

203 835 521 884 subflexuosus,
567 833 828 889 plerumque
874 834 966 875 fere
1012 849 1033 875 e
1070 834 1168 875 basi
1204 834 1449 876 dichotome
1486 849 1696 885 ramosus,
1728 850 1795 877 ra-

203 902 286 942 mis
331 900 596 955 fastigiatis,
643 900 930 942 inferioribus
977 901 1251 951 dichotomis,
1289 901 1594 956 superioribus
1625 901 1796 957 simpli·

204 968 326 1009 cibus
364 967 437 1008 vel
474 967 643 1022 apicem
674 981 830 1008 versus
860 966 1059 1008 ramulos
1089 967 1246 1008 breves
1277 980 1438 1021 paucos
1470 967 1796 1019 emittentibus,

202 1034 373 1075 inferne
403 1033 659 1083 defoliatus,
692 1032 928 1082 filiformis,
962 1036 1158 1074 ceterum
1189 1033 1420 1075 imbricate
1441 1034 1639 1083 foliatus,
1658 1049 1797 1090 usque

203 1100 258 1141 ad
305 1103 327 1142 5
374 1115 440 1141 cm
480 1100 659 1153 longus3
691 1099 824 1141 folia
855 1100 969 1141 Sicca
1000 1099 1271 1154 subjulacea,
1304 1099 1486 1140 humida
1516 1115 1537 1141 e
1568 1101 1665 1142 basi
1696 1102 1796 1142 sub-

203 1171 348 1208 erecta
393 1166 611 1221 patentia,
659 1166 781 1221 apice
814 1169 995 1207 arcuate
1027 1166 1270 1215 suberecta,
1304 1180 1325 1206 e
1355 1169 1482 1221 parte
1514 1166 1657 1208 basali
1686 1167 1796 1219 lata,

203 1247 404 1283 concava,
453 1246 640 1288 superne
685 1232 819 1287 paulo
865 1236 1092 1273 eontracta
1124 1232 1169 1272 in
1200 1231 1413 1273 laminam
1443 1232 1664 1282 latiorem,
1697 1235 1796 1275 sub-

203 1299 508 1348 orbicularem,
555 1312 807 1348 concavam,
851 1301 923 1339 sat
968 1298 1116 1340 subito
1162 1299 1360 1339 breviter
1405 1299 1683 1341 acutiuscule
1722 1301 1796 1341 vel

202 1365 622 1407 rotundato-obtuse
655 1365 955 1405 acuminatam
987 1365 1284 1413 transeuntia,
1316 1364 1594 1419 marginibus
1623 1366 1798 1408 inferne

203 1431 448 1473 crenulatis
494 1431 565 1473 vel
601 1430 851 1481 serrulatis,
884 1434 1079 1472 ceterum
1111 1430 1428 1484 integerrimis,
1462 1431 1660 1482 enervia3
1693 1432 1795 1473 001-

201 1498 347 1540 lulae
396 1497 693 1543 laevissimae,
740 1497 786 1537 in
836 1500 1026 1552 utroque
1076 1497 1220 1538 latere
1271 1497 1370 1538 folii
1410 1496 1581 1553 planae,
1624 1498 1796 1540 basaies

202 1568 391 1619 anguste
414 1564 658 1618 elongatae,
682 1563 737 1604 ad
760 1563 949 1604 mediam
970 1563 1183 1604 laminam
1205 1564 1319 1604 sitae
1339 1563 1581 1605 rotundate
1599 1564 1798 1606 breviter

200 1630 551 1685 rectangulares,
583 1629 859 1683 marginales
891 1634 935 1671 et
966 1629 1160 1685 apicales
1189 1630 1351 1678 evales,
1375 1645 1523 1671 omnes
1545 1630 1796 1684 parietibus

201 1697 334 1738 valde
365 1697 644 1747 incrassatis3
677 1696 811 1737 folia
847 1695 1261 1750 perichaetialia
1287 1696 1410 1738 foliis
1439 1696 1631 1738 caulinis
1654 1697 1795 1739 multo

201 1764 385 1818 majora,
432 1762 751 1816 lato-oblonga,
798 1762 1110 1812 canaliculata,
1146 1762 1363 1803 interiora
1395 1762 1795 1804 convolutaceo-at-

200 1833 400 1879 tenuata,
453 1828 737 1884 marginibus
783 1828 974 1883 integris
1019 1828 1090 1869 vel
1136 1827 1301 1869 leviter
1346 1829 1551 1878 sinuatis,
1599 1832 1796 1870 ceterum

200 1896 323 1938 soliis
370 1895 561 1937 caulinis
606 1895 791 1946 similia3
838 1893 1247 1950 pseudopodium
1282 1894 1539 1950 plerumque
1572 1897 1699 1949 parte
1731 1894 1793 1936 di-

200 1962 338 2004 midia
382 1963 582 2004 bracteas
619 1975 851 2017 superans3
886 1961 1101 2017 capsula
1131 1960 1293 2009 ovalis;
1326 1975 1479 2015 sporae
1510 1961 1796 2011 rotundatae,

200 2044 231 2070 0.
264 2031 359 2078 (1040
390 2043 475 2069 mm
508 2027 640 2069 diam.

310 2106 478 2148 Planta
522 2104 720 2146 mascula
757 2105 941 2161 plantae
972 2104 1190 2146 femineae
1222 2104 1396 2151 similis,
1428 2105 1502 2146 sed
1542 2105 1720 2146 brevior
1750 2108 1796 2146 et

201 2172 450 2227 simplicius
499 2185 685 2221 ramosa,
731 2171 956 2212 interdum
1002 2172 1053 2212 ob
1099 2170 1230 2212 flores
1275 2170 1654 2226 pseudolaterales
1698 2185 1793 2227 per-

200 2239 363 2279 multos
407 2238 697 2294 persistentes
742 2237 888 2279 veluti
924 2236 1157 2285 nodulosa;
1195 2237 1325 2279 folia
1362 2237 1701 2293 perigonalia
1730 2237 1795 2279 fo-

201 2305 274 2346 liis
306 2305 498 2346 caulinis
530 2308 602 2345 sat
633 2304 815 2354 similia,
848 2304 923 2345 sed
955 2303 1135 2359 majora.

311 2381 423 2423 Hab.
456 2382 587 2423 Pars
619 2380 974 2423 occidentalis
1004 2381 1227 2422 territorii
1258 2380 1548 2435 magellanici
1577 2381 1624 2421 in
1644 2381 1797 2422 insula

200 2447 462 2490 Desolacion
504 2447 559 2490 ad
590 2447 755 2489 Puertc
786 2447 993 2502 Angosto
1023 2447 1067 2487 in
1102 2447 1288 2502 rupibus
1319 2447 1526 2502 saxisque
1556 2447 1794 2488 rivalibus.

880 2614 1030 2646 TAFEL
1058 2614 1107 2646 19.

310 2704 384 2742 Fig.
412 2703 461 2734 11.
512 2704 665 2735 Cellulae
691 2704 768 2735 folii
796 2705 957 2744 apieales.
1006 2703 1126 2741 Vergr.
1155 2703 1226 2745 ⁴3⁰.

312 2748 384 2787 Fig.
413 2747 463 2779 12.
513 2749 667 2779 (stellulae
693 2748 735 2779 ad
761 2748 912 2779 medium
938 2747 1062 2778 folium
1089 2748 1185 2778 sitae.
1235 2748 1353 2786 Vergr.
1382 2747 1452 2789 ⁴3⁰.

310 2846 356 2877 Es
394 2847 443 2877 sei
480 2847 646 2881 hemel-kt,
684 2847 764 2879 dass
801 2847 856 2878 die
892 2847 1066 2887 primiiren
1105 2846 1346 2878 Zellenwande
1381 2846 1418 2877 in
1455 2846 1512 2877 der
1542 2845 1608 2877 Tat
1632 2845 1731 2877 nicht
1756 2854 1793 2876 so

200 2890 319 2921 scharf
352 2891 592 2922 hervcrtrcten
628 2891 692 2921 wic
728 2902 762 2923 es
798 2891 835 2922 in
867 2891 925 2922 der
955 2891 1029 2930 Fig.
1057 2889 1098 2922 12
1124 2900 1239 2929 wegen
1266 2890 1325 2921 der
1350 2890 1424 2921 hier
1448 2890 1638 2921 benutzten
1663 2890 1790 2929 Repro-

200 2934 503 2966 duktionsmetode
529 2935 710 2966 erscheint.
